This XML file does not appear to have any style information associated with it. The document tree is shown below.
<!--  Search-Engine-Total-Number-Of-Results: 367  -->
<collection xmlns="http://ead.nb.admin.ch/web/standards/slb/MARC21/MARC21slim.xsd">
<record>
<controlfield tag="001">234529</controlfield>
<datafield tag="024" ind1="8" ind2=" ">
<subfield code="a">oai:infoscience.epfl.ch:234529</subfield>
<subfield code="p">ENAC</subfield>
<subfield code="p">fulltext</subfield>
<subfield code="p">fulltext-public</subfield>
<subfield code="p">driver</subfield>
<subfield code="p">conf</subfield>
</datafield>
<datafield tag="856" ind1="4" ind2=" ">
<subfield code="i">INTERNAL</subfield>
<subfield code="x">ICON</subfield>
<subfield code="u">
https://infoscience.epfl.ch/record/234529/files/Devices.JPG
</subfield>
<subfield code="z">n/a</subfield>
</datafield>
<datafield tag="856" ind1="4" ind2=" ">
<subfield code="i">INTERNAL</subfield>
<subfield code="x">PUBLIC</subfield>
<subfield code="z">n/a</subfield>
<subfield code="u">
https://infoscience.epfl.ch/record/234529/files/W160147.pdf
</subfield>
</datafield>
<datafield tag="973" ind1=" " ind2=" ">
<subfield code="a">EPFL</subfield>
<subfield code="s">PUBLISHED</subfield>
<subfield code="r">REVIEWED</subfield>
</datafield>
<datafield tag="773" ind1=" " ind2=" ">
<subfield code="p">
Proceedings of the 9th Windsor Conference: Making Comfort Relevant
</subfield>
</datafield>
<datafield tag="980" ind1=" " ind2=" ">
<subfield code="a">CONF</subfield>
</datafield>
<datafield tag="909" ind1="C" ind2="0">
<subfield code="p">LIPID</subfield>
</datafield>
<datafield tag="700" ind1=" " ind2=" ">
<subfield code="a">Chinazzo, Giorgia</subfield>
<subfield code="g">242737</subfield>
</datafield>
<datafield tag="700" ind1=" " ind2=" ">
<subfield code="a">Wienold, Jan</subfield>
<subfield code="g">243582</subfield>
</datafield>
<datafield tag="700" ind1=" " ind2=" ">
<subfield code="a">Andersen, Marilyne</subfield>
<subfield code="g">103938</subfield>
</datafield>
<datafield tag="711" ind1="2" ind2=" ">
<subfield code="a">9th Windsor Conference: Making Comfort Relevant</subfield>
<subfield code="c">Cumberland Lodge, Windsor, UK</subfield>
<subfield code="d">7-10 April 2016</subfield>
</datafield>
<datafield tag="245" ind1=" " ind2=" ">
<subfield code="a">
A preliminary study on the sensitivity of people to visual and thermal parameters in office environments
</subfield>
</datafield>
<datafield tag="260" ind1=" " ind2=" ">
<subfield code="c">2016</subfield>
</datafield>
<datafield tag="520" ind1=" " ind2=" ">
<subfield code="a">
The evaluation of indoor comfort requires a thorough understanding of how human occupants perceive four indoor environmental factors: visual conditions, air quality, acoustic ambience and thermal conditions. Recent studies have found that overall comfort is more than the average effects of these four parameters. Beside their main effects, their mutual interactions play an equally important role in the perception of comfort. Thus, to progress regarding our understanding of global comfort, more effort is needed to further investigate the interactions between indoor environmental factors. For this kind of perceptual evaluation, it is necessary to conduct user studies. In these, subjects’ evaluations need to be recorded in addition to the physical parameters that provoke them. Therefore, the sensitivity of people to their environment is the principal parameter around which the studies should be designed. This paper presents a first evaluation of the sensitivity of people to visual and thermal parameters in real office environments to establish a groundwork for future investigations. From this cross-sectional observational study, we concluded that possible effects of interactions between factors are difficult to see when the conditions are more or less comfortable. In that case people are not enough sensitive to environmental changes.
</subfield>
</datafield>
<datafield tag="653" ind1="1" ind2=" ">
<subfield code="a">cross-sectional study</subfield>
</datafield>
<datafield tag="653" ind1="1" ind2=" ">
<subfield code="a">interactions</subfield>
</datafield>
<datafield tag="653" ind1="1" ind2=" ">
<subfield code="a">comfort</subfield>
</datafield>
<datafield tag="653" ind1="1" ind2=" ">
<subfield code="a">perception</subfield>
</datafield>
<datafield tag="653" ind1="1" ind2=" ">
<subfield code="a">visual sensation</subfield>
</datafield>
<datafield tag="653" ind1="1" ind2=" ">
<subfield code="a">thermal sensation</subfield>
</datafield>
<datafield tag="653" ind1="1" ind2=" ">
<subfield code="a">questionnaire</subfield>
</datafield>
<datafield tag="917" ind1="Z" ind2="8">
<subfield code="x">253580</subfield>
</datafield>
<datafield tag="917" ind1="Z" ind2="8">
<subfield code="x">253580</subfield>
</datafield>
<datafield tag="037" ind1=" " ind2=" ">
<subfield code="a">EPFL-CONF-234529</subfield>
</datafield>
</record>