
<record>
<controlfield tag="001">234499</controlfield>
<datafield tag="024" ind1="7" ind2=" ">
<subfield code="a">10.1080/15502724.2017.1404918</subfield>
<subfield code="2">doi</subfield>
</datafield>
<datafield tag="024" ind1="8" ind2=" ">
<subfield code="a">oai:infoscience.epfl.ch:234499</subfield>
<subfield code="p">ENAC</subfield>
<subfield code="p">fulltext</subfield>
<subfield code="p">fulltext-public</subfield>
<subfield code="p">driver</subfield>
<subfield code="p">article</subfield>
</datafield>
<datafield tag="037" ind1=" " ind2=" ">
<subfield code="a">EPFL-ARTICLE-234499</subfield>
</datafield>
<datafield tag="245" ind1=" " ind2=" ">
<subfield code="a">
Adequacy of Immersive Virtual Reality for the Perception of Daylit Spaces: Comparison of Real and Virtual Environments
</subfield>
</datafield>
<datafield tag="260" ind1=" " ind2=" ">
<subfield code="c">2018</subfield>
</datafield>
<datafield tag="520" ind1=" " ind2=" ">
<subfield code="a">
This article presents a novel experimental method that uses a virtual reality (VR) headset, aiming to provide an alternative environment for the conduction of subjective assessments of daylit spaces. This method can overcome the difficulty of controlling the variation of luminous conditions, one of the main challenges in experimental studies using daylight, and its novelty lies in the implementation of physically based renderings into an immersive virtual environment. The present work investigates the adequacy of the proposed method to evaluate five aspects of subjective perception of daylit spaces: the perceived pleasantness, interest, excitement, complexity, and satisfaction with the amount of view in the space. To this end, experiments with 29 participants were conducted to compare users’ perceptions of a real daylit environment and its equivalent representation in VR and test the effect of the display method on the participants’ perceptual evaluations, reported physical symptoms, and perceived presence in the virtual space. The results indicate a high level of perceptual accuracy, showing no significant differences between the real and virtual environments on the studied evaluations. In addition, there was a high level of perceived presence in the virtual environment and no significant effects on the participants’ physical symptoms after the use of the VR headset. Following these findings, the presented experimental method in VR seems very promising for use as a surrogate to real environments in investigating the aforementioned five dimensions of perception in daylit spaces.
</subfield>
</datafield>
<datafield tag="653" ind1="1" ind2=" ">
<subfield code="a">perception</subfield>
</datafield>
<datafield tag="653" ind1="1" ind2=" ">
<subfield code="a">virtual reality</subfield>
</datafield>
<datafield tag="653" ind1="1" ind2=" ">
<subfield code="a">subjective experiments</subfield>
</datafield>
<datafield tag="653" ind1="1" ind2=" ">
<subfield code="a">daylight</subfield>
</datafield>
<datafield tag="653" ind1="1" ind2=" ">
<subfield code="a">lighting</subfield>
</datafield>
<datafield tag="700" ind1=" " ind2=" ">
<subfield code="a">Chamilothori, Kynthia</subfield>
</datafield>
<datafield tag="700" ind1=" " ind2=" ">
<subfield code="a">Wienold, Jan</subfield>
</datafield>
<datafield tag="700" ind1=" " ind2=" ">
<subfield code="a">Andersen, Marilyne</subfield>
</datafield>
<datafield tag="773" ind1=" " ind2=" ">
<subfield code="c">1-24</subfield>
<subfield code="p">LEUKOS</subfield>
<subfield code="x">1550-2716</subfield>
</datafield>
<datafield tag="856" ind1="4" ind2=" ">
<subfield code="z">URL</subfield>
<subfield code="u">
http://www.tandfonline.com/doi/ref/10.1080/15502724.2017.1404918?scroll=top
</subfield>
</datafield>
<datafield tag="856" ind1="4" ind2=" ">
<subfield code="i">INTERNAL</subfield>
<subfield code="x">PUBLIC</subfield>
<subfield code="z">Preprint</subfield>
<subfield code="u">
https://infoscience.epfl.ch/record/234499/files/Chamilothori_et_al_2017_Adequacy of Immersive Virtual Reality for the perception of daylit spaces.pdf
</subfield>
</datafield>
<datafield tag="856" ind1="4" ind2=" ">
<subfield code="i">INTERNAL</subfield>
<subfield code="x">ICON</subfield>
<subfield code="z">n/a</subfield>
<subfield code="u">
https://infoscience.epfl.ch/record/234499/files/real_virtual-small_1.png
</subfield>
</datafield>
<datafield tag="909" ind1="C" ind2="0">
<subfield code="p">LIPID</subfield>
</datafield>
<datafield tag="917" ind1="Z" ind2="8">
<subfield code="x">239103</subfield>
</datafield>
<datafield tag="973" ind1=" " ind2=" ">
<subfield code="a">EPFL</subfield>
<subfield code="s">PUBLISHED</subfield>
<subfield code="r">REVIEWED</subfield>
</datafield>
<datafield tag="980" ind1=" " ind2=" ">
<subfield code="a">ARTICLE</subfield>
</datafield>
</record>