
<record>
<controlfield tag="001">234411</controlfield>
<datafield tag="024" ind1="8" ind2=" ">
<subfield code="a">oai:infoscience.epfl.ch:234411</subfield>
<subfield code="p">chapter</subfield>
<subfield code="p">ENAC</subfield>
</datafield>
<datafield tag="037" ind1=" " ind2=" ">
<subfield code="a">EPFL-CHAPTER-234411</subfield>
</datafield>
<datafield tag="245" ind1=" " ind2=" ">
<subfield code="a">
Robustesse de l'évaluation du potentiel solaire de formes urbaines différenciées
</subfield>
</datafield>
<datafield tag="260" ind1=" " ind2=" ">
<subfield code="a">Lausannes</subfield>
<subfield code="c">2017</subfield>
<subfield code="b">
Presses Polytechniques et Universitaires Romandes (PPUR)
</subfield>
</datafield>
<datafield tag="440" ind1=" " ind2=" ">
<subfield code="a">Architecture albums</subfield>
</datafield>
<datafield tag="520" ind1=" " ind2=" ">
<subfield code="a">
Le potentiel solaire a une importance primordiale dans la performance énergétique des bâtiments, car le soleil est normalement la principale source d’énergie renouvelable à disposition en milieu urbain. Pourtant, le potentiel solaire n’a pas une définition univoque. Comme nous l’avons déjà vu dans les précédents ouvrages de cette série, il est possible d’opérer une première distinction entre potentiel solaire actif et passif. Le premier se décline en potentiel solaire actif pour systèmes thermiques (production d’eau chaude) et pour systèmes photovoltaïques (production d’électricité). Dans le deuxième, on peut distinguer le potentiel solaire passif pour le chauffage de l’espace intérieur à travers les gains solaires, et l’éclairage à travers la lumière naturelle. Dans la présente étude, nous allons examiner l’irradiation annuelle sur les surfaces des bâtiments, que l’on peut considérer comme un premier indicateur du potentiel solaire actif, sans compter les pertes dues à la transformation en chaleur ou en électricité. Une évaluation du potentiel solaire dès les premières phases du projet, c’est-à-dire lorsque l’on aborde la question de la forme urbaine, permet une intégration plus efficace des critères de performance énergétique. En effet, très souvent, ces questions ne sont abordées que dans les phases avancées du projet, lorsqu’il est plus difficile d’effectuer des changements significatifs sur le projet. Cette étude s’inscrit donc dans une démarche d’évaluation précoce du potentiel solaire de différentes formes urbaines. Les visions urbaines développées par les étudiants de l’atelier du Prof. Emmanuel Rey pour le site de Crissier et présentées dans cet ouvrage se prêtent particulièrement bien à cet exercice d’analyse comparative, car elles présentent des formes urbaines très différenciées. Nous allons donc essayer de vérifier si certaines d’entre elles ont une meilleure exposition au soleil.
</subfield>
</datafield>
<datafield tag="653" ind1="1" ind2=" ">
<subfield code="a">solar potential</subfield>
</datafield>
<datafield tag="653" ind1="1" ind2=" ">
<subfield code="a">energy</subfield>
</datafield>
<datafield tag="700" ind1=" " ind2=" ">
<subfield code="a">Rey, Emmanuel</subfield>
<subfield code="e">ed.</subfield>
<subfield code="g">103324</subfield>
</datafield>
<datafield tag="700" ind1=" " ind2=" ">
<subfield code="a">Peronato, Giuseppe</subfield>
<subfield code="g">225904</subfield>
</datafield>
<datafield tag="700" ind1=" " ind2=" ">
<subfield code="a">Rastogi, Parag</subfield>
<subfield code="g">218422</subfield>
</datafield>
<datafield tag="700" ind1=" " ind2=" ">
<subfield code="a">Andersen, Marilyne</subfield>
<subfield code="g">103938</subfield>
</datafield>
<datafield tag="773" ind1=" " ind2=" ">
<subfield code="c">141-150</subfield>
<subfield code="p">Suburban polarity</subfield>
<subfield code="z">978-2-88915-215-5</subfield>
</datafield>
<datafield tag="856" ind1="4" ind2=" ">
<subfield code="i">INTERNAL</subfield>
<subfield code="x">ICON</subfield>
<subfield code="z">n/a</subfield>
<subfield code="u">
https://infoscience.epfl.ch/record/234411/files/ranking.png
</subfield>
</datafield>
<datafield tag="909" ind1="C" ind2="0">
<subfield code="p">LAST</subfield>
</datafield>
<datafield tag="909" ind1="C" ind2="0">
<subfield code="p">LIPID</subfield>
</datafield>
<datafield tag="917" ind1="Z" ind2="8">
<subfield code="x">225904</subfield>
</datafield>
<datafield tag="917" ind1="Z" ind2="8">
<subfield code="x">225904</subfield>
</datafield>
<datafield tag="917" ind1="Z" ind2="8">
<subfield code="x">225904</subfield>
</datafield>
<datafield tag="973" ind1=" " ind2=" ">
<subfield code="a">EPFL</subfield>
<subfield code="s">PUBLISHED</subfield>
</datafield>
<datafield tag="980" ind1=" " ind2=" ">
<subfield code="a">CHAPTER</subfield>
</datafield>
</record>