
<record>
<controlfield tag="001">234294</controlfield>
<datafield tag="024" ind1="8" ind2=" ">
<subfield code="a">oai:infoscience.epfl.ch:234294</subfield>
<subfield code="p">ENAC</subfield>
<subfield code="p">fulltext</subfield>
<subfield code="p">fulltext-public</subfield>
<subfield code="p">driver</subfield>
<subfield code="p">poster</subfield>
</datafield>
<datafield tag="037" ind1=" " ind2=" ">
<subfield code="a">EPFL-POSTER-234294</subfield>
</datafield>
<datafield tag="245" ind1=" " ind2=" ">
<subfield code="a">
Contrast Glare and visual comfort in response to daylight
</subfield>
</datafield>
<datafield tag="260" ind1=" " ind2=" ">
<subfield code="c">2017</subfield>
</datafield>
<datafield tag="520" ind1=" " ind2=" ">
<subfield code="a">
There are uncertainties in the current daylight glare prediction models as they do not accurately predict the glare sensation that people experience. The objective of this research project is to investigate daylight glare stemming from contrast between task area and its immediate surroundings. In order to control for bias, several of the main factors that are suspected of influencing individuals’ glare ratings will also be investigated, among others self-reported glare sensitivity, gaze direction and eye contrast sensitivity. The expected research outcome is an improvement of the current daylight glare prediction models.
</subfield>
</datafield>
<datafield tag="700" ind1=" " ind2=" ">
<subfield code="a">Hansen, Peter</subfield>
<subfield code="g">257438</subfield>
</datafield>
<datafield tag="700" ind1=" " ind2=" ">
<subfield code="a">Wienold, Jan</subfield>
<subfield code="g">243582</subfield>
</datafield>
<datafield tag="700" ind1=" " ind2=" ">
<subfield code="a">Andersen, Marilyne</subfield>
<subfield code="g">103938</subfield>
</datafield>
<datafield tag="711" ind1="2" ind2=" ">
<subfield code="a">7th VELUX Daylight Symposium</subfield>
<subfield code="c">Berlin, Germany</subfield>
<subfield code="d">3-4 May 2017</subfield>
</datafield>
<datafield tag="856" ind1="4" ind2=" ">
<subfield code="i">INTERNAL</subfield>
<subfield code="x">ICON</subfield>
<subfield code="z">n/a</subfield>
<subfield code="u">
https://infoscience.epfl.ch/record/234294/files/0944_Velux_poster_A0_PH_Thumpnail.jpg
</subfield>
</datafield>
<datafield tag="856" ind1="4" ind2=" ">
<subfield code="i">INTERNAL</subfield>
<subfield code="x">PUBLIC</subfield>
<subfield code="z">n/a</subfield>
<subfield code="u">
https://infoscience.epfl.ch/record/234294/files/0944_Velux_poster_A0_PH_r8.pdf
</subfield>
</datafield>
<datafield tag="909" ind1="C" ind2="0">
<subfield code="p">LIPID</subfield>
</datafield>
<datafield tag="917" ind1="Z" ind2="8">
<subfield code="x">257438</subfield>
</datafield>
<datafield tag="973" ind1=" " ind2=" ">
<subfield code="a">EPFL</subfield>
</datafield>
<datafield tag="980" ind1=" " ind2=" ">
<subfield code="a">POSTER</subfield>
</datafield>
</record>