
<record>
<controlfield tag="001">234291</controlfield>
<datafield tag="024" ind1="8" ind2=" ">
<subfield code="a">oai:infoscience.epfl.ch:234291</subfield>
<subfield code="p">ENAC</subfield>
<subfield code="p">fulltext</subfield>
<subfield code="p">fulltext-public</subfield>
<subfield code="p">driver</subfield>
<subfield code="p">poster</subfield>
</datafield>
<datafield tag="037" ind1=" " ind2=" ">
<subfield code="a">EPFL-POSTER-234291</subfield>
</datafield>
<datafield tag="245" ind1=" " ind2=" ">
<subfield code="a">
HDR Images for Glare Evaluation: Comparison Between DSLR Cameras, an Absolute Calibrated Luminance Camera and a Spot Luminance Meter
</subfield>
</datafield>
<datafield tag="260" ind1=" " ind2=" ">
<subfield code="c">2017</subfield>
</datafield>
<datafield tag="520" ind1=" " ind2=" ">
<subfield code="a">
User calibrated digital single-lens reflex (DSLR) cameras, utilizing an automated image calibration algorithm, are being used for glare evaluations as affordable alternatives to high-end luminance cameras calibrated by manufacturers. This study investigates the accuracy of luminance maps derived from HDR images captured with auto-calibrated DSLR cameras. More specifically, to compare the luminance values obtained with an auto-calibrated DSLR camera with a commercially available camera (that benefited from an absolute calibration) and a handheld luminance meter, considered as the reference. It was found that there are only small differences when luminance values estimated with auto-calibrated DSLR cameras are compared with those obtained for the commercially calibrated camera for low to mid-range luminance values (50 – 5000 cd/m 2 ). However, for higher luminance values (>5000 cd/m2 ), HDR images from the auto-calibrated camera show differences of up to 20 %, which could be problematic for glare investigations. More studies specifically focusing on high luminances are needed to determine more conclusively whether certain limitations should apply to the use of automatically calibrated DSLR cameras for glare evaluations.
</subfield>
</datafield>
<datafield tag="653" ind1="1" ind2=" ">
<subfield code="a">Photometry</subfield>
</datafield>
<datafield tag="653" ind1="1" ind2=" ">
<subfield code="a">HDR imaging</subfield>
</datafield>
<datafield tag="653" ind1="1" ind2=" ">
<subfield code="a">Camera calibration</subfield>
</datafield>
<datafield tag="700" ind1=" " ind2=" ">
<subfield code="a">Hansen, Peter</subfield>
<subfield code="g">257438</subfield>
</datafield>
<datafield tag="700" ind1=" " ind2=" ">
<subfield code="a">Wienold, Jan</subfield>
<subfield code="g">243582</subfield>
</datafield>
<datafield tag="700" ind1=" " ind2=" ">
<subfield code="a">Andersen, Marilyne</subfield>
<subfield code="g">103938</subfield>
</datafield>
<datafield tag="711" ind1="2" ind2=" ">
<subfield code="a">
“Smarter Lighting for Better Life” at the CIE Midterm Meeting 2017
</subfield>
<subfield code="c">Jeju, South Korea</subfield>
<subfield code="d">October 23 - 25, 2017</subfield>
</datafield>
<datafield tag="856" ind1="4" ind2=" ">
<subfield code="i">INTERNAL</subfield>
<subfield code="x">PUBLIC</subfield>
<subfield code="z">n/a</subfield>
<subfield code="u">
https://infoscience.epfl.ch/record/234291/files/Poster_PH_2017.pdf
</subfield>
</datafield>
<datafield tag="856" ind1="4" ind2=" ">
<subfield code="i">INTERNAL</subfield>
<subfield code="x">ICON</subfield>
<subfield code="z">n/a</subfield>
<subfield code="u">
https://infoscience.epfl.ch/record/234291/files/Poster_PH_2017_thumpnail.jpg
</subfield>
</datafield>
<datafield tag="909" ind1="C" ind2="0">
<subfield code="p">LIPID</subfield>
</datafield>
<datafield tag="917" ind1="Z" ind2="8">
<subfield code="x">257438</subfield>
</datafield>
<datafield tag="973" ind1=" " ind2=" ">
<subfield code="a">EPFL</subfield>
</datafield>
<datafield tag="980" ind1=" " ind2=" ">
<subfield code="a">POSTER</subfield>
</datafield>
</record>