
<record>
<controlfield tag="001">234290</controlfield>
<datafield tag="024" ind1="8" ind2=" ">
<subfield code="a">oai:infoscience.epfl.ch:234290</subfield>
<subfield code="p">ENAC</subfield>
<subfield code="p">fulltext</subfield>
<subfield code="p">fulltext-public</subfield>
<subfield code="p">driver</subfield>
<subfield code="p">presentation</subfield>
</datafield>
<datafield tag="037" ind1=" " ind2=" ">
<subfield code="a">EPFL-TALK-234290</subfield>
</datafield>
<datafield tag="245" ind1=" " ind2=" ">
<subfield code="a">
WORKSHOP - Measurement of luminance distributions in the field of view for glare evaluations
</subfield>
</datafield>
<datafield tag="260" ind1=" " ind2=" ">
<subfield code="c">2017</subfield>
</datafield>
<datafield tag="653" ind1="1" ind2=" ">
<subfield code="a">Luminance camera calibration</subfield>
</datafield>
<datafield tag="700" ind1=" " ind2=" ">
<subfield code="a">Hansen, Peter</subfield>
<subfield code="g">257438</subfield>
</datafield>
<datafield tag="700" ind1=" " ind2=" ">
<subfield code="a">Wienold, Jan</subfield>
<subfield code="g">243582</subfield>
</datafield>
<datafield tag="711" ind1="2" ind2=" ">
<subfield code="a">
“Smarter Lighting for Better Life” at the CIE Midterm Meeting 2017 - in Discomfort Glare Evaluation for Daylight and Artificial Light workshop
</subfield>
<subfield code="c">Jeju, South Korea</subfield>
<subfield code="d">October 23 - 25, 2017</subfield>
</datafield>
<datafield tag="856" ind1="4" ind2=" ">
<subfield code="i">INTERNAL</subfield>
<subfield code="x">PUBLIC</subfield>
<subfield code="z">n/a</subfield>
<subfield code="u">
https://infoscience.epfl.ch/record/234290/files/Workshop_presentation_PH_23_10_17.pdf
</subfield>
</datafield>
<datafield tag="856" ind1="4" ind2=" ">
<subfield code="i">INTERNAL</subfield>
<subfield code="x">ICON</subfield>
<subfield code="z">n/a</subfield>
<subfield code="u">
https://infoscience.epfl.ch/record/234290/files/Workshop_presentation_PH_23_10_17 - thumpnail.jpg
</subfield>
</datafield>
<datafield tag="909" ind1="C" ind2="0">
<subfield code="p">LIPID</subfield>
</datafield>
<datafield tag="917" ind1="Z" ind2="8">
<subfield code="x">257438</subfield>
</datafield>
<datafield tag="973" ind1=" " ind2=" ">
<subfield code="a">EPFL</subfield>
</datafield>
<datafield tag="980" ind1=" " ind2=" ">
<subfield code="a">TALK</subfield>
</datafield>
</record>