
<record>
<controlfield tag="001">233840</controlfield>
<datafield tag="024" ind1="8" ind2=" ">
<subfield code="a">oai:infoscience.epfl.ch:233840</subfield>
<subfield code="p">ENAC</subfield>
<subfield code="p">fulltext</subfield>
<subfield code="p">fulltext-public</subfield>
<subfield code="p">driver</subfield>
<subfield code="p">conf</subfield>
</datafield>
<datafield tag="037" ind1=" " ind2=" ">
<subfield code="a">EPFL-CONF-233840</subfield>
</datafield>
<datafield tag="245" ind1=" " ind2=" ">
<subfield code="a">
Suitability of neighborhood-scale massing models for daylight performance evaluation.
</subfield>
</datafield>
<datafield tag="260" ind1=" " ind2=" ">
<subfield code="c">2017</subfield>
</datafield>
<datafield tag="520" ind1=" " ind2=" ">
<subfield code="a">
Access to daylight in buildings is the combined effect of a building’s own physical attributes along with its surrounding physical context. There is thus growing interest among researchers to extend the use of building performance simulation (BPS) tools for daylight performance evaluation, not just for an individual building, but to the neighborhood scale and beyond. In the design process of neighborhoods, massing models are often utilized and are a pivotal early design-stage work-product. These models are typically simple and delineate broad geometric dimensions of built enclosures. They are thus attractive for fast early design stage assessment using BPS tools and maybe used to determine daylight access potential. However, at this stage, the designer may have limited and imprecise information regarding the building façade, the vital element for daylight intake and distribution in the building interior. In this study, we assess the dependability of simple massing models for comparative indoor daylight assessments of neighborhood forms. Useful Daylight Illuminance (UDI) metric based performance values were calculated for five neighborhood design options using common practice for façade related inputs in early design stage simulation models and then ranked in decreasing order of performance. A virtual progression of the design-process was then carried out to develop multiple plausible façade design solutions for all proposed massing schemes. The main finding of this study is that significant changes can be observed in neighbourhood rankings when increasing the degree of detail in the façade design solutions. While the highest performing designs were found to maintain their ranks, the rankings of other projects shifted considerably when façade related information was supplied. This work informs on the possibility of erroneous design decisions resulting from simplified façade inputs in early design stage models and fosters the growing discussion on appropriate utilization of BPS tools for informing design decisions.
</subfield>
</datafield>
<datafield tag="653" ind1="1" ind2=" ">
<subfield code="a">BPS best practice</subfield>
</datafield>
<datafield tag="653" ind1="1" ind2=" ">
<subfield code="a">design process</subfield>
</datafield>
<datafield tag="653" ind1="1" ind2=" ">
<subfield code="a">daylight</subfield>
</datafield>
<datafield tag="653" ind1="1" ind2=" ">
<subfield code="a">façade details</subfield>
</datafield>
<datafield tag="700" ind1=" " ind2=" ">
<subfield code="a">Agarwal, Minu</subfield>
<subfield code="g">261624</subfield>
</datafield>
<datafield tag="700" ind1=" " ind2=" ">
<subfield code="a">Pastore, Luisa</subfield>
<subfield code="g">253134</subfield>
</datafield>
<datafield tag="700" ind1=" " ind2=" ">
<subfield code="a">Andersen, Marilyne</subfield>
<subfield code="g">103938</subfield>
</datafield>
<datafield tag="711" ind1="2" ind2=" ">
<subfield code="a">
International Conference on Sustainable Design of the Built Environment (SDBE) 2017
</subfield>
<subfield code="c">London, UK</subfield>
<subfield code="d">December 20-21, 2017</subfield>
</datafield>
<datafield tag="856" ind1="4" ind2=" ">
<subfield code="i">INTERNAL</subfield>
<subfield code="x">ICON</subfield>
<subfield code="z">n/a</subfield>
<subfield code="u">
https://infoscience.epfl.ch/record/233840/files/Figure_6.jpg
</subfield>
</datafield>
<datafield tag="856" ind1="4" ind2=" ">
<subfield code="i">INTERNAL</subfield>
<subfield code="x">PUBLIC</subfield>
<subfield code="z">Preprint</subfield>
<subfield code="u">
https://infoscience.epfl.ch/record/233840/files/SDBE_2017_Submission91.pdf
</subfield>
</datafield>
<datafield tag="909" ind1="C" ind2="0">
<subfield code="p">LIPID</subfield>
</datafield>
<datafield tag="917" ind1="Z" ind2="8">
<subfield code="x">261624</subfield>
</datafield>
<datafield tag="973" ind1=" " ind2=" ">
<subfield code="a">EPFL</subfield>
<subfield code="s">PUBLISHED</subfield>
<subfield code="r">REVIEWED</subfield>
</datafield>
<datafield tag="980" ind1=" " ind2=" ">
<subfield code="a">CONF</subfield>
</datafield>
</record>