
<record>
<controlfield tag="001">233839</controlfield>
<datafield tag="020" ind1=" " ind2=" ">
<subfield code="a">ISBN #: 978- 1-365 -28915 -6</subfield>
</datafield>
<datafield tag="024" ind1="8" ind2=" ">
<subfield code="a">oai:infoscience.epfl.ch:233839</subfield>
<subfield code="p">ENAC</subfield>
<subfield code="p">fulltext</subfield>
<subfield code="p">fulltext-public</subfield>
<subfield code="p">driver</subfield>
<subfield code="p">conf</subfield>
</datafield>
<datafield tag="037" ind1=" " ind2=" ">
<subfield code="a">EPFL-CONF-233839</subfield>
</datafield>
<datafield tag="245" ind1=" " ind2=" ">
<subfield code="a">
Examining Building Design Decisions Under Long Term Weather Variability and Microclimatic Effects: A case-based exploratory study
</subfield>
</datafield>
<datafield tag="260" ind1=" " ind2=" ">
<subfield code="c">2016</subfield>
</datafield>
<datafield tag="520" ind1=" " ind2=" ">
<subfield code="a">
Thermal building simulation currently uses Typical Meteorological Year (TMY) data to guide the design decision-making process or for compliance with energy standards. TMY data usually excludes extremes and in many cases are gathered from microclimatic contexts that are not sufficiently representative of the project sites (e.g., airports), adding uncertainty in the analyses. To enable a quantification of uncertainty due to weather by exploring a wide variety of atypical weather conditions, the authors have previously proposed synthetic weather data for building simulation. This is a suite of weather time series, generated from typical weather data that includes heat waves and atypical peak temperatures. In this paper, we used this synthetic weather to examine the effect of considering atypical conditions on design decisions. We also compared the impact of including ‘city-modified’ weather data on retrofit decisions using urban microclimate simulation. We found that it may not be viable to pre-select a subset of weather data for all buildings at a given location. Rather, multiple weather data sets may be simulated based on the design strategies and performance criteria of importance. In other words, an extreme condition/year for one building isn’t necessarily the same for another. For example, in the case study presented, heat island effect was found to be a likely hindrance to night time cooling. This paper informs the debate on the necessity of expanding the current energy building analyses to a broader consideration of weather variability and more realistic urban microclimate characterization.
</subfield>
</datafield>
<datafield tag="653" ind1="1" ind2=" ">
<subfield code="a">overheating</subfield>
</datafield>
<datafield tag="653" ind1="1" ind2=" ">
<subfield code="a">stochastic weather inputs</subfield>
</datafield>
<datafield tag="653" ind1="1" ind2=" ">
<subfield code="a">design decision making</subfield>
</datafield>
<datafield tag="653" ind1="1" ind2=" ">
<subfield code="a">building simulation</subfield>
</datafield>
<datafield tag="700" ind1=" " ind2=" ">
<subfield code="a">Agarwal, Minu</subfield>
<subfield code="g">261624</subfield>
</datafield>
<datafield tag="700" ind1=" " ind2=" ">
<subfield code="a">Rastogi, Parag</subfield>
<subfield code="g">218422</subfield>
</datafield>
<datafield tag="700" ind1=" " ind2=" ">
<subfield code="a">Peltier, Margaux Marie Valérie</subfield>
<subfield code="g">218347</subfield>
</datafield>
<datafield tag="700" ind1=" " ind2=" ">
<subfield code="a">Pastore, Luisa</subfield>
<subfield code="g">253134</subfield>
</datafield>
<datafield tag="700" ind1=" " ind2=" ">
<subfield code="a">Andersen, Marilyne</subfield>
<subfield code="g">103938</subfield>
</datafield>
<datafield tag="711" ind1="2" ind2=" ">
<subfield code="a">PLEA</subfield>
<subfield code="c">Los Angeles, USA</subfield>
<subfield code="d">July 11-13, 2016</subfield>
</datafield>
<datafield tag="773" ind1=" " ind2=" ">
<subfield code="c">1504</subfield>
<subfield code="p">
Proceedings of the 32nd International Conference on Passive and Low Energy Architecture
</subfield>
<subfield code="v">1</subfield>
</datafield>
<datafield tag="856" ind1="4" ind2=" ">
<subfield code="i">INTERNAL</subfield>
<subfield code="x">ICON</subfield>
<subfield code="z">n/a</subfield>
<subfield code="u">
https://infoscience.epfl.ch/record/233839/files/Flow Chart.JPG
</subfield>
</datafield>
<datafield tag="856" ind1="4" ind2=" ">
<subfield code="i">INTERNAL</subfield>
<subfield code="x">PUBLIC</subfield>
<subfield code="z">Preprint</subfield>
<subfield code="u">
https://infoscience.epfl.ch/record/233839/files/Preprint.pdf
</subfield>
</datafield>
<datafield tag="909" ind1="C" ind2="0">
<subfield code="p">LIPID</subfield>
</datafield>
<datafield tag="917" ind1="Z" ind2="8">
<subfield code="x">261624</subfield>
</datafield>
<datafield tag="917" ind1="Z" ind2="8">
<subfield code="x">261624</subfield>
</datafield>
<datafield tag="973" ind1=" " ind2=" ">
<subfield code="a">OTHER</subfield>
<subfield code="s">PUBLISHED</subfield>
<subfield code="r">REVIEWED</subfield>
</datafield>
<datafield tag="980" ind1=" " ind2=" ">
<subfield code="a">CONF</subfield>
</datafield>
</record>