
<record>
<controlfield tag="001">233834</controlfield>
<datafield tag="024" ind1="7" ind2=" ">
<subfield code="a">10.1159/000477426</subfield>
<subfield code="2">doi</subfield>
</datafield>
<datafield tag="024" ind1="8" ind2=" ">
<subfield code="a">oai:infoscience.epfl.ch:233834</subfield>
<subfield code="p">ENAC</subfield>
<subfield code="p">article</subfield>
</datafield>
<datafield tag="037" ind1=" " ind2=" ">
<subfield code="a">EPFL-ARTICLE-233834</subfield>
</datafield>
<datafield tag="245" ind1=" " ind2=" ">
<subfield code="a">
Towards Human-Centric Lighting for Office Buildings: Pilot Study on the Interactions of Visual, Perceptual and Non-Visual Effects of Workplace (Day) Lighting
</subfield>
</datafield>
<datafield tag="260" ind1=" " ind2=" ">
<subfield code="c">2017</subfield>
</datafield>
<datafield tag="520" ind1=" " ind2=" ">
<subfield code="a">
Objectives: Although knowledge about the impact of light on individuals beyond vision is becoming substantial and less and less controversial, there is still a gap on how to properly address what type of lighting quality one should seek in an indoor space. What constitutes good lighting conditions from a truly holistic, human-centered perspective, i.e. encompassing both visual and non-visual aspects? Very few models are currently available to embed non-visual lighting in a design decision-making process beyond the ability to compare how effective different sources are expected to be in generating non-visual effects. One model has been proposed that attempts to address non-visual lighting in a design context, called the non-visual Direct Response model (nvRD), developed alongside another novel model for visual interest of daylight composition, named modified Spatial Contrast model (mSC). The aim of this study is to make a first attempt to test whether the non-visual system may constitute a dominant driver for determining the quality of lighting conditions in a working context and how it seems to interact with visual factors. Methods: A cross-sequential study was conducted in 31 single and double-occupied offices within a research building at EPFL, Switzerland. Occupants from East and West facades were recruited on a volunteer basis. According to baseline questionnaires that were initially distributed, only healthy participants-without psychological or sleep disorders-were selected for a 9-day monitored study. Two reference rooms-empty offices-on each facade were in parallel equipped with cameras, spectrophotometers and luxmeters to monitor variations in daylight patterns simultaneously, while limiting intrusions within the researchers’ work environment. Daily pointin-time surveys were distributed among participants, twice a day, to measure subjective responses for alertness, discomfort glare, workplane illuminance and perceptual interest, together with a tickbox table to observe their behaviour regarding shading and lighting control within their offices. Objective data were computed according to existing metrics for visual lighting, such as Daylight Glare Probability, to analyse visual performance and visual comfort, while the two novel approaches cited above were explored: the modified Spatial Contrast model mSC, to assess visual interest, and the non-visual Direct Response model nvRD, to assess alertness. Results: Initial findings show that the temporal variations of these different metrics are correlated to specific characteristics of the objective lighting data gathered for the different offices over the days, and are noticeably influenced by orientation, time of day and weather. Future steps of development will include correlational analyses to estimate the association between objective and subjective measures, and multivariate regression analyses to determine the relative weight of each (instantaneous) visual factor compared to the (cumulated) non-visual component, depending on the lighting conditions simultaneously measured inside the offices. Conclusions: This pilot study allows to reveal relationships between lighting performance metrics that have until now only been addressed separately, if at all, and to confront objective lighting monitoring with subjective self-evaluation and novel models for perceptual aspects of light, both visual and non-visual, in office buildings.
</subfield>
</datafield>
<datafield tag="700" ind1=" " ind2=" ">
<subfield code="a">Soto Magan, Victoria Eugenia</subfield>
<subfield code="g">274395</subfield>
</datafield>
<datafield tag="700" ind1=" " ind2=" ">
<subfield code="a">Andersen, Marilyne</subfield>
<subfield code="g">103938</subfield>
</datafield>
<datafield tag="773" ind1=" " ind2=" ">
<subfield code="c">251-252</subfield>
<subfield code="n">4</subfield>
<subfield code="p">Neuropsychobiology</subfield>
<subfield code="v">74</subfield>
<subfield code="x">1423-0224</subfield>
</datafield>
<datafield tag="856" ind1="4" ind2=" ">
<subfield code="i">INTERNAL</subfield>
<subfield code="x">PRIVATE</subfield>
<subfield code="z">Publisher's version</subfield>
<subfield code="u">
https://infoscience.epfl.ch/record/233834/files/477426.pdf
</subfield>
</datafield>
<datafield tag="856" ind1="4" ind2=" ">
<subfield code="i">INTERNAL</subfield>
<subfield code="x">ICON</subfield>
<subfield code="z">n/a</subfield>
<subfield code="u">
https://infoscience.epfl.ch/record/233834/files/IMG_8746.JPG
</subfield>
</datafield>
<datafield tag="909" ind1="C" ind2="0">
<subfield code="p">LIPID</subfield>
</datafield>
<datafield tag="917" ind1="Z" ind2="8">
<subfield code="x">274395</subfield>
</datafield>
<datafield tag="917" ind1="Z" ind2="8">
<subfield code="x">274395</subfield>
</datafield>
<datafield tag="973" ind1=" " ind2=" ">
<subfield code="a">EPFL</subfield>
<subfield code="s">PUBLISHED</subfield>
<subfield code="r">REVIEWED</subfield>
</datafield>
<datafield tag="980" ind1=" " ind2=" ">
<subfield code="a">ARTICLE</subfield>
</datafield>
</record>