
<record>
<controlfield tag="001">233832</controlfield>
<datafield tag="024" ind1="8" ind2=" ">
<subfield code="a">oai:infoscience.epfl.ch:233832</subfield>
<subfield code="p">ENAC</subfield>
<subfield code="p">fulltext</subfield>
<subfield code="p">fulltext-public</subfield>
<subfield code="p">driver</subfield>
<subfield code="p">poster</subfield>
</datafield>
<datafield tag="037" ind1=" " ind2=" ">
<subfield code="a">EPFL-POSTER-233832</subfield>
</datafield>
<datafield tag="245" ind1=" " ind2=" ">
<subfield code="a">
Towards human-centric lighting for office buildings. Pilot study on the interactions of visual, perceptual and non-visual effects of workplace (day)lighting
</subfield>
</datafield>
<datafield tag="520" ind1=" " ind2=" ">
<subfield code="a">
Although knowledge about the impact of light on individuals beyond vision is becoming substantial and less and less controversial, there is still a gap on how to properly address what type of lighting quality one should seek in an indoor space. What constitutes good lighting conditions from a truly holistic, human-centered perspective, i.e. encompassing both visual and non-visual aspects? Very few models are currently available to embed non-visual lighting in a design decision-making process beyond the ability to compare how effective different sources are expected to be in generating non-visual effects. The aim of this study is to make a first attempt to test whether the non-visual system may constitute a dominant driver for determining the quality of lighting conditions in a working context and how it seems to interact with visual factors.
</subfield>
</datafield>
<datafield tag="653" ind1="1" ind2=" ">
<subfield code="a">human-centric light</subfield>
</datafield>
<datafield tag="653" ind1="1" ind2=" ">
<subfield code="a">visual performance</subfield>
</datafield>
<datafield tag="653" ind1="1" ind2=" ">
<subfield code="a">visual comfort</subfield>
</datafield>
<datafield tag="653" ind1="1" ind2=" ">
<subfield code="a">non-visual responses</subfield>
</datafield>
<datafield tag="700" ind1=" " ind2=" ">
<subfield code="a">Soto Magan, Victoria Eugenia</subfield>
<subfield code="g">274395</subfield>
</datafield>
<datafield tag="700" ind1=" " ind2=" ">
<subfield code="a">Andersen, Marilyne</subfield>
<subfield code="g">103938</subfield>
</datafield>
<datafield tag="711" ind1="2" ind2=" ">
<subfield code="a">
Society for Light Treatment and Biological Rhythms Annual Meeting
</subfield>
<subfield code="c">Berlin, Germany</subfield>
<subfield code="d">June 23-25, 2017</subfield>
</datafield>
<datafield tag="856" ind1="4" ind2=" ">
<subfield code="i">INTERNAL</subfield>
<subfield code="x">ICON</subfield>
<subfield code="z">n/a</subfield>
<subfield code="u">
https://infoscience.epfl.ch/record/233832/files/IMG_8741_1.JPG
</subfield>
</datafield>
<datafield tag="856" ind1="4" ind2=" ">
<subfield code="i">INTERNAL</subfield>
<subfield code="x">PUBLIC</subfield>
<subfield code="z">Preprint</subfield>
<subfield code="u">
https://infoscience.epfl.ch/record/233832/files/SLTBRPoster-VESM.pdf
</subfield>
</datafield>
<datafield tag="909" ind1="C" ind2="0">
<subfield code="p">LIPID</subfield>
</datafield>
<datafield tag="917" ind1="Z" ind2="8">
<subfield code="x">274395</subfield>
</datafield>
<datafield tag="917" ind1="Z" ind2="8">
<subfield code="x">274395</subfield>
</datafield>
<datafield tag="973" ind1=" " ind2=" ">
<subfield code="a">EPFL</subfield>
</datafield>
<datafield tag="980" ind1=" " ind2=" ">
<subfield code="a">POSTER</subfield>
</datafield>
</record>
</collection>
